[gd_scene load_steps=10 format=2]

[ext_resource path="res://scenes/default_game_screen.tscn" type="PackedScene" id=1]
[ext_resource path="res://assets/background/dialogueBG_home.png" type="Texture" id=2]
[ext_resource path="res://scripts/character_selection.gd" type="Script" id=3]
[ext_resource path="res://scenes/hud.tscn" type="PackedScene" id=4]
[ext_resource path="res://scenes/intro_right.tres" type="Animation" id=5]
[ext_resource path="res://scenes/intro_left.tres" type="Animation" id=6]

[sub_resource type="Animation" id=4]
resource_name = "happy_left"
length = 0.4
tracks/0/type = "value"
tracks/0/path = NodePath("left_character:rect_position")
tracks/0/interp = 2
tracks/0/loop_wrap = true
tracks/0/imported = false
tracks/0/enabled = true
tracks/0/keys = {
"times": PoolRealArray( 0, 0.1, 0.2, 0.3, 0.4 ),
"transitions": PoolRealArray( 1, 1, 1, 1, 1 ),
"update": 0,
"values": [ Vector2( 0, 0 ), Vector2( 0, -50 ), Vector2( 0, 0 ), Vector2( 0, -50 ), Vector2( 0, 0 ) ]
}

[sub_resource type="Animation" id=5]
resource_name = "happy_right"
length = 0.4
tracks/0/type = "value"
tracks/0/path = NodePath("right_character:rect_position")
tracks/0/interp = 2
tracks/0/loop_wrap = true
tracks/0/imported = false
tracks/0/enabled = true
tracks/0/keys = {
"times": PoolRealArray( 0, 0.1, 0.2, 0.3, 0.4 ),
"transitions": PoolRealArray( 1, 1, 1, 1, 1 ),
"update": 0,
"values": [ Vector2( 400, 0 ), Vector2( 400, -50 ), Vector2( 400, 0 ), Vector2( 400, -50 ), Vector2( 400, 0 ) ]
}

[sub_resource type="Animation" id=3]
resource_name = "transition"
tracks/0/type = "value"
tracks/0/path = NodePath("hud/transition:modulate")
tracks/0/interp = 1
tracks/0/loop_wrap = true
tracks/0/imported = false
tracks/0/enabled = true
tracks/0/keys = {
"times": PoolRealArray( 0, 0.8, 1 ),
"transitions": PoolRealArray( 1, 1, 1 ),
"update": 0,
"values": [ Color( 1, 1, 1, 1 ), Color( 1, 1, 1, 0 ), Color( 1, 1, 1, 0 ) ]
}
tracks/1/type = "value"
tracks/1/path = NodePath("hud/transition:rect_position")
tracks/1/interp = 1
tracks/1/loop_wrap = true
tracks/1/imported = false
tracks/1/enabled = true
tracks/1/keys = {
"times": PoolRealArray( 0, 0.8, 1 ),
"transitions": PoolRealArray( 1, 1, 1 ),
"update": 0,
"values": [ Vector2( 0, 0 ), Vector2( 0, 0 ), Vector2( 0, 600 ) ]
}

[node name="character_selection" instance=ExtResource( 1 )]
script = ExtResource( 3 )
intro_json = "res://dialogues/azazel_intro.json"
justice_json_folder = "res://dialogues/scenes_json/justice"
malina_json_folder = "res://dialogues/scenes_json/malina"
pandemonica_json_folder = "res://dialogues/scenes_json/pandemonica"
zdrada_json_folder = "res://dialogues/scenes_json/zdrada"

[node name="background_image" parent="." index="0"]
texture = ExtResource( 2 )
expand = true

[node name="left_character" type="TextureRect" parent="." index="1"]
margin_left = -400.0
margin_bottom = 600.0
expand = true
__meta__ = {
"_edit_use_anchors_": false
}

[node name="right_character" type="TextureRect" parent="." index="2"]
margin_left = 800.0
margin_right = 1200.0
margin_bottom = 600.0
expand = true
__meta__ = {
"_edit_use_anchors_": false
}

[node name="hud" parent="." index="3" instance=ExtResource( 4 )]

[node name="dialogue" parent="hud/user_interface/dialogue_box" index="0"]
text = "Azazel: Hello World!"

[node name="transition" parent="hud" index="1"]
visible = true

[node name="ani_player" parent="." index="4"]
anims/happy_left = SubResource( 4 )
anims/happy_right = SubResource( 5 )
anims/intro_left = ExtResource( 6 )
anims/intro_right = ExtResource( 5 )
anims/transition = SubResource( 3 )

[node name="sound" type="Node" parent="." index="5"]

[node name="music" type="Node" parent="sound" index="0"]

[node name="sfx" type="Node" parent="sound" index="1"]
[connection signal="pressed" from="hud/user_interface/dialogue_box/buttons/button_0" to="." method="_on_button_0_pressed"]
[connection signal="pressed" from="hud/user_interface/dialogue_box/buttons/button_1" to="." method="_on_button_1_pressed"]
[connection signal="pressed" from="hud/user_interface/dialogue_box/buttons/button_2" to="." method="_on_button_2_pressed"]
[connection signal="pressed" from="hud/user_interface/dialogue_box/buttons/button_3" to="." method="_on_button_3_pressed"]
[connection signal="animation_finished" from="ani_player" to="." method="_on_ani_player_animation_finished"]
[connection signal="animation_started" from="ani_player" to="." method="_on_ani_player_animation_started"]

[editable path="hud"]
