[gd_scene load_steps=8 format=2]

[ext_resource path="res://assets/background/romantic-backgrounds.jpg" type="Texture" id=1]
[ext_resource path="res://assets/fonts/Hoefler Text Regular.ttf" type="DynamicFontData" id=2]
[ext_resource path="res://assets/fonts/button_game_font.tres" type="DynamicFont" id=3]
[ext_resource path="res://scripts/dialogue.gd" type="Script" id=4]
[ext_resource path="res://assets/arrows.png" type="Texture" id=5]
[ext_resource path="res://scenes/hud_button_theme.tres" type="Theme" id=6]

[sub_resource type="DynamicFont" id=1]
size = 18
font_data = ExtResource( 2 )

[node name="hud" type="CanvasLayer"]

[node name="user_interface" type="Control" parent="."]
margin_right = 800.0
margin_bottom = 600.0
__meta__ = {
"_edit_use_anchors_": false
}

[node name="dialogue_box" type="ColorRect" parent="user_interface"]
margin_left = 40.0
margin_top = 440.0
margin_right = 760.0
margin_bottom = 580.0
__meta__ = {
"_edit_use_anchors_": false
}

[node name="dialogue" type="RichTextLabel" parent="user_interface/dialogue_box"]
margin_left = 20.0
margin_top = 20.0
margin_right = 700.0
margin_bottom = 120.0
custom_fonts/normal_font = SubResource( 1 )
custom_colors/default_color = Color( 0, 0, 0, 1 )
bbcode_enabled = true
bbcode_text = "[color=blue]Azazel[/color]: Hello World!"
scroll_active = false
script = ExtResource( 4 )
__meta__ = {
"_edit_use_anchors_": false
}

[node name="buttons" type="VBoxContainer" parent="user_interface/dialogue_box"]
margin_left = 40.0
margin_top = 10.0
margin_right = 680.0
margin_bottom = 130.0
alignment = 1
__meta__ = {
"_edit_use_anchors_": false
}

[node name="button_0" type="Button" parent="user_interface/dialogue_box/buttons"]
margin_top = 12.0
margin_right = 640.0
margin_bottom = 33.0
theme = ExtResource( 6 )
custom_fonts/font = ExtResource( 3 )
custom_colors/font_color = Color( 0, 0, 0, 1 )
text = "button 0"

[node name="button_1" type="Button" parent="user_interface/dialogue_box/buttons"]
margin_top = 37.0
margin_right = 640.0
margin_bottom = 58.0
theme = ExtResource( 6 )
custom_fonts/font = ExtResource( 3 )
custom_colors/font_color = Color( 0, 0, 0, 1 )
text = "button 1"

[node name="button_2" type="Button" parent="user_interface/dialogue_box/buttons"]
margin_top = 62.0
margin_right = 640.0
margin_bottom = 83.0
theme = ExtResource( 6 )
custom_fonts/font = ExtResource( 3 )
custom_colors/font_color = Color( 0, 0, 0, 1 )
text = "button 2"

[node name="button_3" type="Button" parent="user_interface/dialogue_box/buttons"]
margin_top = 87.0
margin_right = 640.0
margin_bottom = 108.0
theme = ExtResource( 6 )
custom_fonts/font = ExtResource( 3 )
custom_colors/font_color = Color( 0, 0, 0, 1 )
text = "button 3"

[node name="timer" type="Timer" parent="user_interface/dialogue_box"]
wait_time = 0.5

[node name="next" type="Sprite" parent="user_interface/dialogue_box"]
visible = false
modulate = Color( 0.972549, 0.243137, 0.584314, 1 )
position = Vector2( 680, 120 )
texture = ExtResource( 5 )

[node name="transition" type="TextureRect" parent="."]
visible = false
margin_right = 800.0
margin_bottom = 600.0
texture = ExtResource( 1 )
expand = true
__meta__ = {
"_edit_use_anchors_": false
}
[connection signal="timeout" from="user_interface/dialogue_box/timer" to="user_interface/dialogue_box/dialogue" method="_on_timer_timeout"]
